@INPROCEEDINGS{Moss:2013,
	author = "R. Moss and R. Connor",
	title = "A Multi-Way Divergence Metric for Vector Spaces",
	booktitle = "Proceedings of the Sixth International Conference on SImilarity Search and APplications",
	year = "2013",
}

@INPROCEEDINGS{Connor:2013a,
	author = "R. Connor and R. Moss and F. A. Cardillo and F. Rabitti",
	title = "Evaluation of Jensen-Shannon Distance over Sparse Data",
	booktitle = "Proceedings of the Fifth International Conference on SImilarity Search and APplications",
	year = "2013",
}

@INPROCEEDINGS{Connor:2013b,
	author = "R. Connor and R. Moss and M. Harvey",
	title = "A New Probabilistic Model for IR",
	booktitle = "Proceedings of the 4th International Conference on the Theory of Information Retrieval",
	year = "2013",
}

@INPROCEEDINGS{Connor:2012,
	author = "R. Connor and R. Moss",
	title = "A correlation distance for vector spaces",
	booktitle = "Proceedings of the Fifth International Conference on SImilarity Search and APplications",
	year = "2012",
}

@inproceedings{Pham:2012,
 author = {Pham, Ninh and Pagh, Rasmus},
 title = {A near-linear time approximation algorithm for angle-based outlier detection in high-dimensional data},
 booktitle = {Proceedings of the 18th ACM SIGKDD international conference on Knowledge discovery and data mining},
 series = {KDD '12},
 year = {2012},
 isbn = {978-1-4503-1462-6},
 location = {Beijing, China},
 pages = {877--885},
 numpages = {9},
 url = {http://doi.acm.org/10.1145/2339530.2339669},
 doi = {10.1145/2339530.2339669},
 acmid = {2339669},
 publisher = {ACM},
 address = {New York, NY, USA},
 keywords = {AMS sketch, angle-based, high-dimensional, outlier detection, random projection},
} 

@article{Martinenghi:2012,
 author = {Martinenghi, Davide and Tagliasacchi, Marco},
 title = {Proximity measures for rank join},
 journal = {ACM Trans. Database Syst.},
 issue_date = {February 2012},
 volume = {37},
 number = {1},
 month = mar,
 year = {2012},
 issn = {0362-5915},
 pages = {2:1--2:46},
 articleno = {2},
 numpages = {46},
 url = {http://doi.acm.org/10.1145/2109196.2109198},
 doi = {10.1145/2109196.2109198},
 acmid = {2109198},
 publisher = {ACM},
 address = {New York, NY, USA},
 keywords = {Top-k, proximity, rank-aware processing},
} 

@ARTICLE{Connor:2011,
	author = "R. Connor and F. Simeoni and M. Iakovos and R. Moss",
	title = "A bounded distance metric for comparing tree structure",
	journal = "Information Systems",
	year = "2011",
	volume = "36",
	pages = "748--764",
	issn = "0306-4379",
	url = "http://dx.doi.org/10.1016/j.is.2010.12.003",
}

@INPROCEEDINGS{Connor:2011a,
	author = "R. Connor and F. Simeoni and M. Iakovos and R. Moss",
	title = "Towards a universal information distance for structured data",
	booktitle = "Proceedings of the Fourth International Conference on SImilarity Search and APplications",
	year = "2011",
	pages = "69--77",
	url = "http://dx.doi.org/10.1145/1995412.1995426",
}

@article{Li:2011,
 author = {Li, Guoliang and Deng, Dong and Wang, Jiannan and Feng, Jianhua},
 title = {Pass-join: a partition-based method for similarity joins},
 journal = {Proc. VLDB Endow.},
 issue_date = {November 2011},
 volume = {5},
 number = {3},
 month = nov,
 year = {2011},
 issn = {2150-8097},
 pages = {253--264},
 numpages = {12},
 url = {http://dl.acm.org/citation.cfm?id=2078331.2078340},
 acmid = {2078340},
 publisher = {VLDB Endowment},
} 

@article{Chandola:2009,
     author = {Chandola, Varun and Banerjee, Arindam and Kumar, Vipin},
     title = {Anomaly detection: A survey},
     journal = {ACM Comput. Surv.},
     issue_date = {July 2009},
     volume = {41},
     number = {3},
     month = jul,
     year = {2009},
     issn = {0360-0300},
     pages = {15:1--15:58},
     articleno = {15},
     numpages = {58},
     url = {http://doi.acm.org/10.1145/1541880.1541882},
     doi = {10.1145/1541880.1541882},
     acmid = {1541882},
     publisher = {ACM},
     address = {New York, NY, USA},
     keywords = {Anomaly detection, outlier detection},
} 

@inproceedings{Ribeiro:2009,
 author = {Ribeiro, Leonardo A. and H\"{a}rder, Theo and Pimenta, Fernanda S.},
 title = {A cluster-based approach to XML similarity joins},
 booktitle = {Proceedings of the 2009 International Database Engineering \& Applications Symposium},
 series = {IDEAS '09},
 year = {2009},
 isbn = {978-1-60558-402-7},
 location = {Cetraro - Calabria, Italy},
 pages = {182--193},
 numpages = {12},
 url = {http://doi.acm.org/10.1145/1620432.1620451},
 doi = {10.1145/1620432.1620451},
 acmid = {1620451},
 publisher = {ACM},
 address = {New York, NY, USA},
 keywords = {XML, clustering, entity resolution, similarity joins, similarity measures, xml databases},
} 

@article{Paredes:2009,
title = "Solving similarity joins and range queries in metric spaces with the list of twin clusters",
journal = "Journal of Discrete Algorithms",
volume = "7",
number = "1",
pages = "18 - 35",
year = "2009",
note = "Selected papers from the 1st International Workshop on Similarity Search and Applications (SISAP)",
issn = "1570-8667",
doi = "10.1016/j.jda.2008.09.012",
url = "http://www.sciencedirect.com/science/article/pii/S1570866708000774",
author = "Rodrigo Paredes and Nora Reyes",
keywords = "General metric spaces",
keywords = "Indexing methods",
keywords = "Similarity joins"
}

@inproceedings{Xiao:2008,
 author = {Xiao, Chuan and Wang, Wei and Lin, Xuemin and Yu, Jeffrey Xu},
 title = {Efficient similarity joins for near duplicate detection},
 booktitle = {Proceedings of the 17th international conference on World Wide Web},
 series = {WWW '08},
 year = {2008},
 isbn = {978-1-60558-085-2},
 location = {Beijing, China},
 pages = {131--140},
 numpages = {10},
 url = {http://doi.acm.org/10.1145/1367497.1367516},
 doi = {10.1145/1367497.1367516},
 acmid = {1367516},
 publisher = {ACM},
 address = {New York, NY, USA},
 keywords = {near duplicate detection, similarity join},
} 

@article{Jacox:2008,
 author = {Jacox, Edwin H. and Samet, Hanan},
 title = {Metric space similarity joins},
 journal = {ACM Trans. Database Syst.},
 issue_date = {June 2008},
 volume = {33},
 number = {2},
 month = jun,
 year = {2008},
 issn = {0362-5915},
 pages = {7:1--7:38},
 articleno = {7},
 numpages = {38},
 url = {http://doi.acm.org/10.1145/1366102.1366104},
 doi = {10.1145/1366102.1366104},
 acmid = {1366104},
 publisher = {ACM},
 address = {New York, NY, USA},
 keywords = {Similarity join, distance-based indexing, external memory algorithms, nearest neighbor queries, range queries, ranking},
} 

@inproceedings{Kriegel:2008,
 author = {Kriegel, Hans-Peter and S hubert, Matthias and Zimek, Arthur},
 title = {Angle-based outlier detection in high-dimensional data},
 booktitle = {Proceedings of the 14th ACM SIGKDD international conference on Knowledge discovery and data mining},
 series = {KDD '08},
 year = {2008},
 isbn = {978-1-60558-193-4},
 location = {Las Vegas, Nevada, USA},
 pages = {444--452},
 numpages = {9},
 url = {http://doi.acm.org/10.1145/1401890.1401946},
 doi = {10.1145/1401890.1401946},
 acmid = {1401946},
 publisher = {ACM},
 address = {New York, NY, USA},
 keywords = {angle-based, high-dimensional, outlier detection},
} 

@article{Jacox:2007,
 author = {Jacox, Edwin H. and Samet, Hanan},
 title = {Spatial join techniques},
 journal = {ACM Trans. Database Syst.},
 issue_date = {March 2007},
 volume = {32},
 number = {1},
 month = mar,
 year = {2007},
 issn = {0362-5915},
 articleno = {7},
 url = {http://doi.acm.org/10.1145/1206049.1206056},
 doi = {10.1145/1206049.1206056},
 acmid = {1206056},
 publisher = {ACM},
 address = {New York, NY, USA},
 keywords = {External memory algorithms, plane-sweep, spatial join},
} 

@article{Zhang:2006,
 author = {Zhang, Ji and Wang, Hai},
 title = {Detecting outlying subspaces for high-dimensional data: the new task, algorithms, and performance},
 journal = {Knowl. Inf. Syst.},
 issue_date = {October 2006},
 volume = {10},
 number = {3},
 month = oct,
 year = {2006},
 issn = {0219-1377},
 pages = {333--355},
 numpages = {23},
 url = {http://dx.doi.org/10.1007/s10115-006-0020-z},
 doi = {10.1007/s10115-006-0020-z},
 acmid = {1165872},
 publisher = {Springer-Verlag New York, Inc.},
 address = {New York, NY, USA},
 keywords = {Dynamic subspace search, High-dimensional data, Outlier detection, Outlying subspace},
}

@ARTICLE{Angiulli:2006, 
author={Angiulli, F. and Basta, S. and Pizzuti, C.}, 
journal={Knowledge and Data Engineering, IEEE Transactions on}, title={Distance-based detection and prediction of outliers}, 
year={2006}, 
month={feb.}, 
volume={18}, 
number={2}, 
pages={ 145 - 160}, 
keywords={Computational efficiency;Data mining;Insurance;Intrusion detection;Medical diagnosis;Nearest neighbor searches;Object detection;Performance analysis;Predictive models;Weight measurement; data analysis; data mining; pattern classification; sensitivity analysis; ROC analysis; data mining; distance-based outlier detection; distance-based outlier prediction; outlier detection solving set; Index Terms- Distance-based outliers; data mining.; outlier detection; outlier prediction;}, 
doi={10.1109/TKDE.2006.29}, 
ISSN={1041-4347},}

@INPROCEEDINGS{Hautamaki:2004, 
author={Hautamaki, V. and Karkkainen, I. and Franti, P.}, 
booktitle={Pattern Recognition, 2004. ICPR 2004. Proceedings of the 17th International Conference on}, title={Outlier detection using k-nearest neighbour graph}, 
year={2004}, 
month={aug.}, 
volume={3}, 
number={}, 
pages={ 430 - 433 Vol.3}, 
keywords={Breast cancer;Cancer detection;Computer science;Computer security;Data mining;Gaussian distribution;Intrusion detection;Pattern recognition;Probability density function;Statistical distributions; graph theory; pattern clustering; distance based method; indegree number algorithm; k-nearest neighbour graph; outlier detection algorithm;}, 
doi={10.1109/ICPR.2004.1334558}, 
ISSN={1051-4651},} 

@article{Corral:2004,
 author = {Corral, Antonio and Manolopoulos, Yannis and Theodoridis, Yannis and Vassilakopoulos, Michael},
 title = {Multi-Way Distance Join Queries in Spatial Databases},
 journal = {Geoinformatica},
 issue_date = {December 2004},
 volume = {8},
 number = {4},
 month = dec,
 year = {2004},
 issn = {1384-6175},
 pages = {373--402},
 numpages = {30},
 url = {http://dx.doi.org/10.1023/B:GEIN.0000040832.25622.8d},
 doi = {10.1023/B:GEIN.0000040832.25622.8d},
 acmid = {1017690},
 publisher = {Kluwer Academic Publishers},
 address = {Hingham, MA, USA},
 keywords = {R-trees, approximate techniques, branch-and-bound algorithms, distance join queries, spatial databases},
} 

@inproceedings{Dohnal:2003,
 author = {Dohnal, Vlastislav and Gennaro, Claudio and Savino, Pasquale and Zezula, Pavel},
 title = {Similarity join in metric spaces},
 booktitle = {Proceedings of the 25th European conference on IR research},
 series = {ECIR'03},
 year = {2003},
 isbn = {3-540-01274-5},
 location = {Pisa, Italy},
 pages = {452--467},
 numpages = {16},
 url = {http://dl.acm.org/citation.cfm?id=1757788.1757831},
 acmid = {1757831},
 publisher = {Springer-Verlag},
 address = {Berlin, Heidelberg},
} 

@inproceedings{Bay:2003,
 author = {Bay, Stephen D. and Schwabacher, Mark},
 title = {Mining distance-based outliers in near linear time with randomization and a simple pruning rule},
 booktitle = {Proceedings of the ninth ACM SIGKDD international conference on Knowledge discovery and data mining},
 series = {KDD '03},
 year = {2003},
 isbn = {1-58113-737-0},
 location = {Washington, D.C.},
 pages = {29--38},
 numpages = {10},
 url = {http://doi.acm.org/10.1145/956750.956758},
 doi = {10.1145/956750.956758},
 acmid = {956758},
 publisher = {ACM},
 address = {New York, NY, USA},
 keywords = {anomaly detection, diskbased algorithms, distance-based operations, outliers},
} 


@book{Bellman:2003,
    author = {Bellman, Richard},
    day = {04},
    howpublished = {Paperback},
    isbn = {0486428095},
    keywords = {book, optimization},
    month = mar,
    posted-at = {2008-10-30 16:31:58},
    priority = {1},
    publisher = {Dover Publications},
    title = {{Dynamic Programming}},
    url = {http://www.worldcat.org/isbn/0486428095},
    year = {2003}
}

@inproceedings{Angiulli:2002,
 author = {Angiulli, Fabrizio and Pizzuti, Clara},
 title = {Fast Outlier Detection in High Dimensional Spaces},
 booktitle = {Proceedings of the 6th European Conference on Principles of Data Mining and Knowledge Discovery},
 series = {PKDD '02},
 year = {2002},
 isbn = {3-540-44037-2},
 pages = {15--26},
 numpages = {12},
 url = {http://dl.acm.org/citation.cfm?id=645806.670167},
 acmid = {670167},
 publisher = {Springer-Verlag},
 address = {London, UK, UK},
} 

@article{Mamoulis:2001,
 author = {Mamoulis, Nikos and Papadias, Dimitris},
 title = {Multiway spatial joins},
 journal = {ACM Trans. Database Syst.},
 issue_date = {December 2001},
 volume = {26},
 number = {4},
 month = dec,
 year = {2001},
 issn = {0362-5915},
 pages = {424--475},
 numpages = {52},
 url = {http://doi.acm.org/10.1145/503099.503101},
 doi = {10.1145/503099.503101},
 acmid = {503101},
 publisher = {ACM},
 address = {New York, NY, USA},
 keywords = {Multiway joins, query processing, spatial joins},
}

@article{Chavez:2001,
     author = {Ch\'{a}vez, Edgar and Navarro, Gonzalo and Baeza-Yates, Ricardo and Marroqu\'{\i}n, Jos\'{e} Luis},
     title = {Searching in metric spaces},
     journal = {ACM Comput. Surv.},
     volume = {33},
     issue = {3},
     month = {September},
     year = {2001},
     issn = {0360-0300},
     pages = {273--321},
     numpages = {49},
     url = {http://doi.acm.org/10.1145/502807.502808},
     doi = {http://doi.acm.org/10.1145/502807.502808},
     acmid = {502808},
     publisher = {ACM},
     address = {New York, NY, USA},
     keywords = {Curse of dimensionality, nearest neighbors, similarity searching, vector spaces},
}

@inproceedings{Bohm:2000,
 author = {B\"{o}hm, Christian and Braunm\"{u}ller, Bernhard and Breunig, Markus and Kriegel, Hans-Peter},
 title = {High performance clustering based on the similarity join},
 booktitle = {Proceedings of the ninth international conference on Information and knowledge management},
 series = {CIKM '00},
 year = {2000},
 isbn = {1-58113-320-0},
 location = {McLean, Virginia, USA},
 pages = {298--305},
 numpages = {8},
 url = {http://doi.acm.org/10.1145/354756.354832},
 doi = {10.1145/354756.354832},
 acmid = {354832},
 publisher = {ACM},
 address = {New York, NY, USA},
 keywords = {clustering, data mining, database primitives, multidimensional index structure, similarity join},
} 

@inproceedings{Breunig:2000,
 author = {Breunig, Markus M. and Kriegel, Hans-Peter and Ng, Raymond T. and Sander, J\"{o}rg},
 title = {LOF: identifying density-based local outliers},
 booktitle = {Proceedings of the 2000 ACM SIGMOD international conference on Management of data},
 series = {SIGMOD '00},
 year = {2000},
 isbn = {1-58113-217-4},
 location = {Dallas, Texas, USA},
 pages = {93--104},
 numpages = {12},
 url = {http://doi.acm.org/10.1145/342009.335388},
 doi = {10.1145/342009.335388},
 acmid = {335388},
 publisher = {ACM},
 address = {New York, NY, USA},
 keywords = {database mining, outlier detection},
} 


@article{Ramaswamy:2000,
 author = {Ramaswamy, Sridhar and Rastogi, Rajeev and Shim, Kyuseok},
 title = {Efficient algorithms for mining outliers from large data sets},
 journal = {SIGMOD Rec.},
 issue_date = {June 2000},
 volume = {29},
 number = {2},
 month = may,
 year = {2000},
 issn = {0163-5808},
 pages = {427--438},
 numpages = {12},
 url = {http://doi.acm.org/10.1145/335191.335437},
 doi = {10.1145/335191.335437},
 acmid = {335437},
 publisher = {ACM},
 address = {New York, NY, USA},
} 

@article{Knorr:2000,
 author = {Knorr, Edwin M. and Ng, Raymond T. and Tucakov, Vladimir},
 title = {Distance-based outliers: algorithms and applications},
 journal = {The VLDB Journal},
 issue_date = {February 2000},
 volume = {8},
 number = {3-4},
 month = feb,
 year = {2000},
 issn = {1066-8888},
 pages = {237--253},
 numpages = {17},
 url = {http://dx.doi.org/10.1007/s007780050006},
 doi = {10.1007/s007780050006},
 acmid = {764218},
 publisher = {Springer-Verlag New York, Inc.},
 address = {Secaucus, NJ, USA},
 keywords = {Algorithms, Data mining, Data mining applications, Outliers/exceptions},
} 

@INPROCEEDINGS{Yianilos:1999,
    author = {Peter N. Yianilos},
    title = {Excluded Middle Vantage Point Forests for Nearest Neighbor Search},
    booktitle = {In DIMACS Implementation Challenge, ALENEX'99},
    year = {1999}
}

@inproceedings{Knorr:1998,
 author = {Knorr, Edwin M. and Ng, Raymond T.},
 title = {Algorithms for Mining Distance-Based Outliers in Large Datasets},
 booktitle = {Proceedings of the 24rd International Conference on Very Large Data Bases},
 series = {VLDB '98},
 year = {1998},
 isbn = {1-55860-566-5},
 pages = {392--403},
 numpages = {12},
 url = {http://dl.acm.org/citation.cfm?id=645924.671334},
 acmid = {671334},
 publisher = {Morgan Kaufmann Publishers Inc.},
 address = {San Francisco, CA, USA},
} 


@article{Kolmogorov:1998,
    title = "On tables of random numbers",
    journal = "Theoretical Computer Science",
    volume = "207",
    number = "2",
    pages = "387 - 395",
    year = "1998",
    note = "",
    issn = "0304-3975",
    doi = "10.1016/S0304-3975(98)00075-9",
    url = "http://www.sciencedirect.com/science/article/pii/S0304397598000759",
    author = "A.N. Kolmogorov"
}

@article{Menendez:1997,
    title = "The Jensen-Shannon divergence",
    journal = "Journal of the Franklin Institute",
    volume = "334",
    number = "2",
    pages = "307 - 318",
    year = "1997",
    note = "",
    issn = "0016-0032",
    doi = "10.1016/S0016-0032(96)00063-4",
    url = "http://www.sciencedirect.com/science/article/pii/S0016003296000634",
    author = "M.L. Men\'{e}ndez and J.A. Pardo and L. Pardo and M.C. Pardo"
}

@article{Brito:1997,
title = "Connectivity of the mutual k-nearest-neighbor graph in clustering and outlier detection",
journal = "Statistics \& Probability Letters",
volume = "35",
number = "1",
pages = "33 - 42",
year = "1997",
note = "",
issn = "0167-7152",
doi = "10.1016/S0167-7152(96)00213-1",
url = "http://www.sciencedirect.com/science/article/pii/S0167715296002131",
author = "M.R. Brito and E.L. Ch\'{e}vez and A.J. Quiroz and J.E. Yukich",
keywords = "Mutual nearest neighbors",
keywords = "Clustering",
keywords = "Outlier detection"
}

@article{Uhlmann:1991,
  author    = {Jeffrey K. Uhlmann},
  title     = {Satisfying General Proximity/Similarity Queries with Metric
               Trees},
  journal   = {Inf. Process. Lett.},
  volume    = {40},
  number    = {4},
  year      = {1991},
  pages     = {175-179},
  ee        = {http://dx.doi.org/10.1016/0020-0190(91)90074-R},
  bibsource = {DBLP, http://dblp.uni-trier.de}
}

@ARTICLE{Lin:1991, 
    author={Lin, J.}, 
    journal={Information Theory, IEEE Transactions on}, 
    title={Divergence measures based on the Shannon entropy}, 
    year={1991}, 
    month={jan}, 
    volume={37}, 
    number={1}, 
    pages={145 -151}, 
    keywords={Computer science;Entropy;Genetics;Pattern analysis;Pattern recognition;Probability distribution;Signal analysis;Signal processing;Taxonomy;Upper bound;entropy;information theory;Shannon entropy;boundedness;divergence measures;finiteness;information theory;nonnegativity;probability of misclassification error;semiboundedness;variational distance;}, 
    doi={10.1109/18.61115}, 
    ISSN={0018-9448}
}

@ARTICLE{Wong:1985, 
    author={Wong, Andrew K. C. and You, Manlai}, 
    journal={Pattern Analysis and Machine Intelligence, IEEE Transactions on}, 
    title={Entropy and Distance of Random Graphs with Application to Structural Pattern Recognition}, 
    year={1985}, 
    month={sept. }, 
    volume={PAMI-7}, 
    number={5}, 
    pages={599 -609}, 
    keywords={Design engineering;Distributed computing;Entropy;Merging;Pattern classification;Pattern matching;Pattern recognition;Probability distribution;Systems engineering and theory;Unsupervised learning;Attributed graph;distance;entropy of random graph;graph;probability distribution;random graph;structural pattern recognition;synthesis of graphs;unsupervised classification;}, 
    doi={10.1109/TPAMI.1985.4767707}, 
    ISSN={0162-8828},
}

@ARTICLE{Davies:1979, 
    author={Davies, David L. and Bouldin, Donald W.}, 
    journal={Pattern Analysis and Machine Intelligence, IEEE Transactions on}, 
    title={A Cluster Separation Measure}, 
    year={1979}, 
    month={april }, 
    volume={PAMI-1}, 
    number={2}, 
    pages={224 -227}, 
    keywords={}, 
    doi={10.1109/TPAMI.1979.4766909}, 
    ISSN={0162-8828}
}

@ARTICLE{Kullback:1951,
  author = {S. Kullback and R. Leibler},
  title = {On Information and Sufficiency},
  journal = {Ann. Math. Statist.},
  year = {1951},
  volume = {22},
  pages = {79-86}
}

@article{Shannon:1948,
  added-at = {2011-11-28T16:54:44.000+0100},
  author = {Shannon, C. E.},
  biburl = {http://www.bibsonomy.org/bibtex/2c15959a9edda61c931e7c28dc318306f/mjarret},
  citeulike-article-id = {1584479},
  file = {:citeulike\:1584479.pdf:PDF},
  groups = {public},
  interhash = {754130207906fcec16a53d330eeff348},
  intrahash = {c15959a9edda61c931e7c28dc318306f},
  journal = {Bell system technical journal},
  keywords = {information-theory work},
  posted-at = {2007-08-23 00:55:11},
  priority = {2},
  timestamp = {2011-11-28T16:54:44.000+0100},
  title = {A mathematical theory of communication},
  username = {mjarret},
  volume = 27,
  year = 1948
}


